@Book{CHL2022,
  title = {MybookR},
  author = {CHL},
  publisher = {Chapman and Hall/CRC},
  address = {Taiwan},
  year = {2022},
  edition = {1st},
  note = {},
  url = {https://mullerli.github.io/rcookbook-agri/},
}
